

@ARTICLE{ChoKax,
    author	= 	"K. Cho and E. Kaxiras",
    title 	= 	"Some title goes here",
    year	=	"1998",
    journal	=	"Surf. Sci. Lett",
    volume	=	"396",
    pages	=	"L261--65"
}


@Booklet{Gil:02,
  author       	= 	{Instructor},
  TITLE        	= 	{Air Supported Gyroscope},
  year         	= 	{2002},
  howpublished = 	{Experimental Outline},
  address      	= 	{Queen's University},
}
